<?xml version="1.0" encoding="UTF-8"?><collection xmlns="http://www.loc.gov/MARC21/slim"><record><leader>00527nam--2200193-u-4500</leader><controlfield tag="001">000052478</controlfield><controlfield tag="002">20161230</controlfield><controlfield tag="005">20161230201050</controlfield><controlfield tag="008">100721s1000------------r-----000-0-rus-d</controlfield><datafield ind1=" " ind2=" " tag="040"><subfield code="a">IFIN-HH</subfield></datafield><datafield ind1=" " ind2=" " tag="041"><subfield code="a">rus</subfield></datafield><datafield ind1=" " ind2=" " tag="080"><subfield code="a">532.5:532.132=03.20=82</subfield></datafield><datafield ind1="1" ind2=" " tag="100"><subfield code="a">Putterman, Seth J</subfield></datafield><datafield ind1="1" ind2="0" tag="245"><subfield code="a">Gidrodinamika sverkhtekycei zidkosti</subfield><subfield code="c">Seth J. Putterman</subfield></datafield><datafield ind1=" " ind2=" " tag="260"><subfield code="a">Moskva</subfield><subfield code="b">Mir</subfield><subfield code="c">1978</subfield></datafield><datafield ind1=" " ind2=" " tag="300"><subfield code="a">520 p</subfield></datafield><datafield ind1=" " ind2=" " tag="500"><subfield code="a">Tit. orig. in lb. engleza: Superfluid Hydrodynamics</subfield></datafield><datafield ind1=" " ind2=" " tag="852"><subfield code="a">47180</subfield><subfield code="c">532</subfield></datafield><datafield ind1=" " ind2=" " tag="CAT"><subfield code="a">Sys</subfield><subfield code="c">20100721</subfield><subfield code="h">145539</subfield></datafield></record></collection>